<?xml version="1.0" encoding="UTF-8"?><collection xmlns="http://www.loc.gov/MARC21/slim"><record><leader>00516nam--2200193-u-4500</leader><controlfield tag="001">000054941</controlfield><controlfield tag="002">20161230</controlfield><controlfield tag="005">20161230201051</controlfield><controlfield tag="008">120709s1000------------r-----000-0-rus-d</controlfield><datafield ind1=" " ind2=" " tag="040"><subfield code="a">IFIN-HH</subfield></datafield><datafield ind1=" " ind2=" " tag="041"><subfield code="a">rus</subfield></datafield><datafield ind1=" " ind2=" " tag="080"><subfield code="a">53.182:519.67</subfield></datafield><datafield ind1="1" ind2=" " tag="100"><subfield code="a">Amusia, M.Ia</subfield></datafield><datafield ind1="1" ind2="0" tag="245"><subfield code="a">Avtomatizirovannaia sistema issledovania strukturi atomov</subfield><subfield code="c">M.ia. amisia, l.v. cerniseva</subfield></datafield><datafield ind1=" " ind2=" " tag="260"><subfield code="a">Leningrad</subfield><subfield code="b">Nauka</subfield><subfield code="c">1983</subfield></datafield><datafield ind1=" " ind2=" " tag="300"><subfield code="a">180P</subfield></datafield><datafield ind1="1" ind2=" " tag="700"><subfield code="a">Cerniseva , L.V</subfield></datafield><datafield ind1=" " ind2=" " tag="852"><subfield code="a">71551</subfield><subfield code="c">539.18</subfield></datafield><datafield ind1=" " ind2=" " tag="CAT"><subfield code="a">Sys</subfield><subfield code="c">20120709</subfield><subfield code="h">145025</subfield></datafield></record></collection>